<collection xmlns="http://www.loc.gov/MARC21/slim">
<record>
  <leader>01260nam0a2200229 i 450 </leader>
  <controlfield tag="001">IT\ICCU\CNCE\078803</controlfield>
  <controlfield tag="005">20141030000000.0</controlfield>
  <datafield tag="012" ind1=" " ind2=" ">
    <subfield code="a">erel e.ui a,do iln- (C) 1565 (Q)</subfield>
    <subfield code="2">fei</subfield>
  </datafield>
  <datafield tag="100" ind1=" " ind2=" ">
    <subfield code="a">20141030f1565        0itac0103    ba</subfield>
  </datafield>
  <datafield tag="101" ind1=" " ind2=" ">
    <subfield code="a">ITA</subfield>
  </datafield>
  <datafield tag="102" ind1=" " ind2=" ">
    <subfield code="a">IT</subfield>
  </datafield>
  <datafield tag="200" ind1="1" ind2=" ">
    <subfield code="a">Auiso dell&apos;armata del gran turco venuto di Costantinopoli, con la presa, et rouina della citt ̉d&apos;Ofrais, fatta dal sophi, col numero delle genti morte, &amp; la noua inuentione fatta da esso per pigliarla. Narra anchora la deliberatione, che hauea fatto essogran turco, per venire in christianitade</subfield>
  </datafield>
  <datafield tag="210" ind1=" " ind2=" ">
    <subfield code="a">In Bologna</subfield>
    <subfield code="d">\1565?!</subfield>
  </datafield>
  <datafield tag="215" ind1=" " ind2=" ">
    <subfield code="a">\4! c.</subfield>
    <subfield code="d">8ʻ</subfield>
  </datafield>
  <datafield tag="300" ind1=" " ind2=" ">
    <subfield code="a">Il nome dell&apos;autore e la presunta data di stampa si ricavano in calce al testo. - Stampato probabilmente da Pellegrino Bonardo, cfr. C. Gl̲lner, Turcica: die europaischen Trken-drucke des XVI jahrhunderts, n. 1091</subfield>
  </datafield>
  <datafield tag="620" ind1=" " ind2=" ">
    <subfield code="a">IT</subfield>
    <subfield code="d">Bologna</subfield>
  </datafield>
  <datafield tag="700" ind1=" " ind2="0">
    <subfield code="a">Vittorio</subfield>
    <subfield code="c"> : da#Val di Marino</subfield>
    <subfield code="3">IT\ICCU\CNCA\029926</subfield>
  </datafield>
  <datafield tag="712" ind1="0" ind2="0">
    <subfield code="a">Bonardo, Pellegrino</subfield>
    <subfield code="3">IT\ICCU\CNCT\000668</subfield>
    <subfield code="4">650</subfield>
  </datafield>
  <datafield tag="790" ind1=" " ind2="1">
    <subfield code="a">Valdimarino,</subfield>
    <subfield code="b">Vittorio da</subfield>
    <subfield code="3">IT\ICCU\CNCA\029927</subfield>
    <subfield code="z">Vittorio : da#Val di Marino</subfield>
  </datafield>
  <datafield tag="791" ind1="0" ind2="0">
    <subfield code="a">Bonardus, Peregrinus</subfield>
    <subfield code="3">IT\ICCU\CNCT\004433</subfield>
    <subfield code="z">Bonardo, Pellegrino</subfield>
  </datafield>
  <datafield tag="801" ind1=" " ind2="3">
    <subfield code="a">IT</subfield>
    <subfield code="b">ICCU</subfield>
    <subfield code="c">20201115</subfield>
  </datafield>
  <datafield tag="899" ind1=" " ind2=" ">
    <subfield code="a">Biblioteca Palatina. Parma</subfield>
    <subfield code="1">PR0072</subfield>
    <subfield code="2">PAR PA</subfield>
  </datafield>
</record>
</collection>
